@misc{hastie2017elements,
  title={The elements of statistical learning: data mining, inference, and prediction},
  author={Hastie, Trevor and Tibshirani, Robert and Friedman, Jerome},
  year={2017},
  publisher={Springer}
}

@book{montgomery2021introduction,
  title={{Introduction to Linear Regression Analysis}},
  author={Montgomery, Douglas C and Peck, Elizabeth A and Vining, G Geoffrey},
  year={2021},
  publisher={John Wiley \& Sons}
}

@book{ross1976first,
  title={A first course in probability},
  author={Ross, Sheldon M and Ross, Sheldon M and Ross, Sheldon M and Ross, Sheldon M},
  volume={2},
  year={1976},
  publisher={Macmillan New York}
}

@book{weinstein2008guesstimation,
  title={Guesstimation: Solving the world's problems on the back of a cocktail napkin},
  author={Weinstein, Lawrence and Adam, John A},
  year={2008},
  publisher={Princeton University Press}
}

@book{sheep,
  title={{Excellent Sheep: The Miseducation of the American Elite and the Way to a Meaningful Life}},
  author={William Deresiewicz},
  year={2014},
  publisher={Free Press}
}

@book{CultureCode,
  title={{The Culture Code: The Secrets of Highly Successful Groups}},
  author={Daniel Coyle},
  year={2018},
  publisher={Bantam Books, an imprint of Random House, a division of Penguin Random House LLC New York}
}

