@book{montgomery2021introduction,
  title={Introduction to linear regression analysis},
  author={Montgomery, Douglas C and Peck, Elizabeth A and Vining, G Geoffrey},
  year={2021},
  publisher={John Wiley \& Sons}
}

@book{ross1976first,
  title={A first course in probability},
  author={Ross, Sheldon M and Ross, Sheldon M and Ross, Sheldon M and Ross, Sheldon M},
  volume={2},
  year={1976},
  publisher={Macmillan New York}
}

@book{weinstein2008guesstimation,
  title={Guesstimation: Solving the world's problems on the back of a cocktail napkin},
  author={Weinstein, Lawrence and Adam, John A},
  year={2008},
  publisher={Princeton University Press}
}